<?xml version="1.0" ?>
<collection>
<record xmlns:marc="http://www.loc.gov/MARC21/slim"><leader>03066cam a2200601 i 4500</leader><controlfield tag="001">in00005682101</controlfield><controlfield tag="003">OCoLC</controlfield><controlfield tag="005">20220616170245.0</controlfield><controlfield tag="008">170517s2017    ru af    b    000 0brus c</controlfield><datafield ind1=" " ind2=" " tag="010"><subfield code="a">  2017409367</subfield></datafield><datafield ind1=" " ind2=" " tag="019"><subfield code="a">1002043863</subfield></datafield><datafield ind1=" " ind2=" " tag="020"><subfield code="a">9785235039681</subfield></datafield><datafield ind1=" " ind2=" " tag="020"><subfield code="a">5235039688</subfield></datafield><datafield ind1=" " ind2=" " tag="035"><subfield code="a">(OCoLC)987379661</subfield><subfield code="z">(OCoLC)1002043863</subfield></datafield><datafield ind1=" " ind2=" " tag="040"><subfield code="a">NYP</subfield><subfield code="b">eng</subfield><subfield code="e">rda</subfield><subfield code="c">NYP</subfield><subfield code="d">B@L</subfield><subfield code="d">OCL</subfield><subfield code="d">LPU</subfield><subfield code="d">LTSCA</subfield><subfield code="d">UAT</subfield><subfield code="d">OCLCF</subfield><subfield code="d">ZQP</subfield><subfield code="d">IUL</subfield><subfield code="d">DLC</subfield><subfield code="d">EEM</subfield><subfield code="d">UtOrBLW</subfield></datafield><datafield ind1=" " ind2=" " tag="042"><subfield code="a">pcc</subfield></datafield><datafield ind1=" " ind2=" " tag="043"><subfield code="a">e-ur---</subfield><subfield code="a">e-ru---</subfield></datafield><datafield ind1=" " ind2=" " tag="049"><subfield code="a">EEMA</subfield></datafield><datafield ind1=" " ind2="4" tag="050"><subfield code="a">N6999.M34</subfield><subfield code="b">B85 2017 </subfield></datafield><datafield ind1="1" ind2=" " tag="100"><subfield code="6">880-01</subfield><subfield code="a">Buksha, Ksenii︠a︡,</subfield><subfield code="d">1983-</subfield><subfield code="e">author.</subfield><subfield code="0">http://id.loc.gov/authorities/names/nr2003027670</subfield></datafield><datafield ind1="1" ind2="0" tag="245"><subfield code="6">880-02</subfield><subfield code="a">Malevich :</subfield><subfield code="b">Bog i drugie figury /</subfield><subfield code="c">Ksenii͡a Buksha.</subfield></datafield><datafield ind1="3" ind2="0" tag="246"><subfield code="6">880-03</subfield><subfield code="a">Bog i drugie figury</subfield></datafield><datafield ind1=" " ind2="1" tag="264"><subfield code="6">880-04</subfield><subfield code="a">Moskva :</subfield><subfield code="b">Molodai͡a gvardii͡a,</subfield><subfield code="c">2017.</subfield></datafield><datafield ind1=" " ind2=" " tag="300"><subfield code="a">318 pages, 32 unnumbered pages of plates :</subfield><subfield code="b">illustrations (some color) ;</subfield><subfield code="c">21 cm.</subfield></datafield><datafield ind1=" " ind2=" " tag="336"><subfield code="a">text</subfield><subfield code="b">txt</subfield><subfield code="2">rdacontent</subfield></datafield><datafield ind1=" " ind2=" " tag="337"><subfield code="a">unmediated</subfield><subfield code="b">n</subfield><subfield code="2">rdamedia</subfield></datafield><datafield ind1=" " ind2=" " tag="338"><subfield code="a">volume</subfield><subfield code="b">nc</subfield><subfield code="2">rdacarrier</subfield></datafield><datafield ind1="1" ind2=" " tag="490"><subfield code="6">880-05</subfield><subfield code="a">Kunst serii͡a ZhZL</subfield></datafield><datafield ind1=" " ind2=" " tag="504"><subfield code="a">Includes bibliographical references (pages 316-317).</subfield></datafield><datafield ind1=" " ind2=" " tag="520"><subfield code="a">Russian painter and sculptor Kasimir Malevich was a world renowned leading figure of the avant-garde art. On the pages of this book we see Malevich as a person, as an artist.</subfield></datafield><datafield ind1="1" ind2=" " tag="583"><subfield code="3">copy1</subfield><subfield code="a">Committed to retain</subfield><subfield code="c">20200101</subfield><subfield code="d">20341231</subfield><subfield code="f">MI-SPI</subfield><subfield code="u">http://www.mcls.org/engagement/mi-spi/</subfield><subfield code="5">MiEM</subfield></datafield><datafield ind1="1" ind2="0" tag="600"><subfield code="6">880-06</subfield><subfield code="a">Malevich, Kazimir Severinovich,</subfield><subfield code="d">1878-1935.</subfield><subfield code="0">http://id.loc.gov/authorities/names/n80028265</subfield></datafield><datafield ind1="1" ind2="7" tag="600"><subfield code="a">Malevich, Kazimir Severinovich,</subfield><subfield code="d">1878-1935.</subfield><subfield code="2">fast</subfield><subfield code="0">(OCoLC)fst00051293</subfield></datafield><datafield ind1="1" ind2="4" tag="600"><subfield code="6">880-08</subfield><subfield code="a">Malevich, Kazimir Severinovich,</subfield><subfield code="d">1878-1935.</subfield></datafield><datafield ind1=" " ind2="0" tag="650"><subfield code="a">Artists</subfield><subfield code="z">Russia (Federation)</subfield><subfield code="v">Biography.</subfield><subfield code="0">http://id.loc.gov/authorities/subjects/sh2007101507</subfield></datafield><datafield ind1=" " ind2="0" tag="650"><subfield code="a">Avant-garde (Aesthetics)</subfield><subfield code="z">Russia.</subfield><subfield code="0">http://id.loc.gov/authorities/subjects/sh85010494</subfield></datafield><datafield ind1=" " ind2="7" tag="650"><subfield code="a">Artists.</subfield><subfield code="2">fast</subfield><subfield code="0">(OCoLC)fst00817559</subfield></datafield><datafield ind1=" " ind2="7" tag="650"><subfield code="a">Avant-garde (Aesthetics)</subfield><subfield code="2">fast</subfield><subfield code="0">(OCoLC)fst00824280</subfield></datafield><datafield ind1=" " ind2="7" tag="651"><subfield code="a">Russia.</subfield><subfield code="2">fast</subfield><subfield code="0">(OCoLC)fst01207312</subfield></datafield><datafield ind1=" " ind2="7" tag="651"><subfield code="a">Russia (Federation)</subfield><subfield code="2">fast</subfield><subfield code="0">(OCoLC)fst01262050</subfield></datafield><datafield ind1=" " ind2="7" tag="655"><subfield code="a">Biographies.</subfield><subfield code="2">lcgft</subfield><subfield code="0">http://id.loc.gov/authorities/genreForms/gf2014026049</subfield></datafield><datafield ind1=" " ind2="0" tag="830"><subfield code="6">880-07</subfield><subfield code="a">Kunst serii︠a︡ ZhZL.</subfield><subfield code="0">http://id.loc.gov/authorities/names/no2017119987</subfield></datafield><datafield ind1="1" ind2=" " tag="880"><subfield code="6">100-01</subfield><subfield code="a">Букша, Ксения,</subfield><subfield code="d">1983-</subfield><subfield code="e">author.</subfield></datafield><datafield ind1="1" ind2="0" tag="880"><subfield code="6">245-02</subfield><subfield code="a">Малевич :</subfield><subfield code="b">Бог и другие фигуры /</subfield><subfield code="c">Ксения Букша.</subfield></datafield><datafield ind1="3" ind2="0" tag="880"><subfield code="6">246-03</subfield><subfield code="a">Бог и другие фигуры</subfield></datafield><datafield ind1=" " ind2="1" tag="880"><subfield code="6">264-04</subfield><subfield code="a">Москва :</subfield><subfield code="b">Молодая гвардия,</subfield><subfield code="c">2017.</subfield></datafield><datafield ind1="1" ind2=" " tag="880"><subfield code="6">490-05</subfield><subfield code="a">Kunst серия ЖЗЛ</subfield></datafield><datafield ind1="1" ind2="4" tag="880"><subfield code="6">600-06</subfield><subfield code="a">Малевич, Казимир Северинович,</subfield><subfield code="d">1878-1935.</subfield></datafield><datafield ind1="1" ind2="4" tag="880"><subfield code="6">600-08</subfield><subfield code="a">Малевич, Казимир Северинович,</subfield><subfield code="d">1878-1935.</subfield></datafield><datafield ind1=" " ind2="0" tag="880"><subfield code="6">830-07</subfield><subfield code="a">Kunst серия ЖЗЛ.</subfield></datafield><datafield ind1=" " ind2=" " tag="907"><subfield code="y">.b123464717</subfield><subfield code="b">210803</subfield><subfield code="c">171002</subfield></datafield><datafield ind1=" " ind2=" " tag="998"><subfield code="a">ar</subfield><subfield code="b">171020</subfield><subfield code="c">m</subfield><subfield code="d">a  </subfield><subfield code="e">-</subfield><subfield code="f">rus</subfield><subfield code="g">ru </subfield><subfield code="h">0</subfield><subfield code="i">1</subfield></datafield><datafield ind1=" " ind2=" " tag="994"><subfield code="a">C0</subfield><subfield code="b">EEM</subfield></datafield><datafield ind1="f" ind2="f" tag="999"><subfield code="i">0d3a8f6c-58dc-57ce-8de7-d3da2600b622</subfield><subfield code="s">c11e2f6e-ee1e-5f77-912b-95580846a6b8</subfield><subfield code="t">0</subfield></datafield><datafield ind1="f" ind2="f" tag="952"><subfield code="p">Can Circulate</subfield><subfield code="a">Michigan State University-Library of Michigan</subfield><subfield code="b">Michigan State University</subfield><subfield code="c">MSU Art Library</subfield><subfield code="d">MSU Art Library</subfield><subfield code="t">0</subfield><subfield code="e">N6999.M34 B85 2017</subfield><subfield code="h">Library of Congress classification</subfield><subfield code="i">Printed Material</subfield><subfield code="m">31293035707383</subfield><subfield code="n">1</subfield></datafield></record>
</collection>
